@misc{wei2024,
      title={Large Language Model Evaluation via Matrix Entropy}, 
      author={Lai Wei and Zhiquan Tan and Chenghai Li and Jindong Wang and Weiran Huang},
      year={2024},
      eprint={2401.17139},
      archivePrefix={arXiv},
      primaryClass={cs.LG}
}
@misc{xu2024,
      title={Understanding the Role of Cross-Entropy Loss in Fairly Evaluating Large Language Model-based Recommendation}, 
      author={Cong Xu and Zhangchi Zhu and Jun Wang and Jianyong Wang and Wei Zhang},
      year={2024},
      eprint={2402.06216},
      archivePrefix={arXiv},
      primaryClass={cs.IR}
}
@misc{nanda2022,
    title = {TransformerLens},
    author = {Neel Nanda and Joseph Bloom},
    year = {2022},
    howpublished = {\url{https://github.com/neelnanda-io/TransformerLens}},
}
@article{shannon1948,
  added-at = {2021-09-19T18:40:37.000+0200},
  author = {Shannon, Claude Elwood},
  biburl = {https://www.bibsonomy.org/bibtex/29f88587b33c82f692b61d129eb2f2517/steschum},
  interhash = {754130207906fcec16a53d330eeff348},
  intrahash = {9f88587b33c82f692b61d129eb2f2517},
  journal = {The Bell System Technical Journal},
  keywords = {imported},
  pages = {379--423},
  timestamp = {2021-09-19T18:41:56.000+0200},
  title = {A Mathematical Theory of Communication},
  url = {http://plan9.bell-labs.com/cm/ms/what/shannonday/shannon1948.pdf},
  urldate = {2003-04-22},
  volume = 27,
  year = 1948
}
@misc{paszke2019,
      title={PyTorch: An Imperative Style, High-Performance Deep Learning Library}, 
      author={Adam Paszke and Sam Gross and Francisco Massa and Adam Lerer and James Bradbury and Gregory Chanan and Trevor Killeen and Zeming Lin and Natalia Gimelshein and Luca Antiga and Alban Desmaison and Andreas KÃ¶pf and Edward Yang and Zach DeVito and Martin Raison and Alykhan Tejani and Sasank Chilamkurthy and Benoit Steiner and Lu Fang and Junjie Bai and Soumith Chintala},
      year={2019},
      eprint={1912.01703},
      archivePrefix={arXiv},
      primaryClass={cs.LG}
}